% ------------------------------------------------------------------------
% SAMPLE BIBLIOGRAPHY FILE
% ------------------------------------------------------------------------

@misc{ Gimbal,
       title = "Gimbal",
       note = "Accessed: 2020-01-10",
       howpublished = "https://playlists.net/artists/gimbal"
       }
% ------------------------------------------------------------------------
@BOOK{InertialNavigation,
   author = "Mohinder S. Grewal",
   title= "Global Positioning Systems, inertial navigation, and integration",
   publisher = "Wiley",
   year = 2007 }
% ------------------------------------------------------------------------
@misc{ NASA,
       title = "NASA's J-2X Rocket Engine Development",
       note = "Accessed: 2020-01-10",
       howpublished = "	https://www.nasa.gov/exploration/systems/sls/j2x"
       }
% ------------------------------------------------------------------------
@misc{ NASA2JX ,
       title = "gimbal bearing â€“ Liquid Rocket Engines (J-2X, RS-25, general)",
       note = "Accessed: 2020-01-10",
       howpublished = "	https://blogs.nasa.gov/J2X/tag/gimbal-bearing/",
       year = 2013
       }
% ------------------------------------------------------------------------
@misc{ MERCURY ,
       title = "The Gimbal Rig Mercury Astronaut Trainer",
       note = "Accessed: 2020-01-10",
       howpublished = "	https://www.nasa.gov/centers/glenn/about/history/mastif.html",
       year = 2017
       }